@online{statista,
  title={The Countries With The Most Critical Care Beds Per Capita},
  url={https://cdn.statcdn.com/Infographic/images/normal/21105.jpeg},
  urldate={2020-07-10}
}

@online{wuhanclosed,
  title={All 16 temporary hospitals in Wuhan closed},
  url={http://www.xinhuanet.com/english/2020-03/10/c_138863160.htm},
  urldate={2020-07-10}
}

@online{medicalpractice,
  title={Good medical practice},
  url={https://www.gmc-uk.org/ethical-guidance/ethical-guidance-for-doctors/good-medical-practice},
  urldate={2020-07-10}
}

@article{moralcost,
  title={The moral cost of coronavirus},
  author={Parker, Joshua and Mirzaali, Mikaeil},
  journal={Journal of Medical Ethics},
  year={2020}
}

@article{ethicsdespair,
  title={Donâ€™t let the ethics of despair infect the intensive care unit},
  author={Shaw, David and Harvey, Dan},
  journal={Journal of Medical Ethics},
  year={2020}
}

@article{medicineutilitarian,
  title={Should the Practice of Medicine Be a Deontological or Utilitarian Enterprise?},
  author={Garbutt, Gerard and Davies, Peter},
  journal={Journal of Medical Ethics},
  year={2011}
}
