% Suche nach https://www.nomos-elibrary.de/9.5771/9783845281667/autonome-systeme-und-neue-mobilitaet

% Suche nach https://trid.trb.org/view/1597720

% Suche nach https://link.springer.com/referenceworkentry/10.1007/978-3-658-23715-8_30-1

% http://www.znl-ulm.de/Veroeffentlichungen/Geist_und_Gehirn/NHK16_Sollte_mein_Auto_mich_umbringen.pdf
% Ulmer Paper - kontrovers?
@article{spitzer2016sollte,
  title={Sollte mein Auto mich umbringen wollen m{\"u}ssen},
  author={Spitzer, Manfred},
  journal={Nervenheilkunde},
  %volume={35},
  %number={07/08},
  %pages={451--455},
  year={2016},
  publisher={Schattauer GmbH}
}

% https://sci-hub.se/https://www.nature.com/articles/s41586-018-0637-6/
% Sehr interessante Statistiken zur moral machine vom MIT
@article{awad2018moral,
  title={The moral machine experiment},
  author={Awad, Edmond and Dsouza, Sohan and Kim, Richard and Schulz, Jonathan and Henrich, Joseph and Shariff, Azim and Bonnefon, Jean-Fran{\c{c}}ois and Rahwan, Iyad},
  journal={Nature},
  %volume={563},
  %number={7729},
  %pages={59--64},
  year={2018},
  publisher={Nature Publishing Group}
}

% https://books.google.de/books?hl=de&lr=&id=76hY5QaCzpoC
@book{asimov2011alle,
  title={Alle Roboter-Geschichten},
  author={Asimov, Isaac},
  volume={23317},
  year={2011},
  publisher={Bastei L{\"u}bbe}
}

@book{panza2011ethik,
  title={Ethik f{\"u}r Dummies},
  author={Panza, Christopher and Potthast, Adam},
  year={2011},
  publisher={John Wiley \& Sons}
}

% https://sci-hub.se/10.1007/978-3-658-17483-5
% Das ganze Buch sieht eigentlich ganz gut aus, ab 281 geht's los mit Autonomen Fahren
@incollection{brandle2019autonomes,
  title={Autonomes Fahren aus Sicht der Maschinenethik},
  author={Brändle, Claudia and Grunwald, Armin},
  booktitle={Handbuch Maschinenethik},
  %pages={281--300},
  year={2019},
  publisher={Springer}
}

% https://sci-hub.se/10.1007/978-3-658-14563-7_14
@book{scholz2016autonomes,
  title={Autonomes Fahren: Autos im moralischen Dilemma?},
  author={Scholz, Volker and Kempf, Marius},
  booktitle={Nationale und internationale Trends in der Mobilität},
  year={2016},
  publisher={Springer}
}

% https://sci-hub.se/10.1515/zstw-2018-0027
@article{hilgendorf2018dilemma,
  title={Dilemma-Probleme beim automatisierten Fahren},
  author={Hilgendorf, Eric},
  journal={Zeitschrift f{\"u}r die gesamte Strafrechtswissenschaft},
  volume={130},
  number={3},
  %pages={674--703},
  year={2018},
  publisher={De Gruyter}
}

% http://93.174.95.29/_ads/2817D07D513A29D9B7BF6CBEE71C67CA - GET -> von sci-hub
% (von https://link.springer.com/chapter/10.1007/978-3-658-21083-0_5 )
@incollection{thimm2019autonomie,
  title={Autonomie der Technologie und autonome Systeme als ethische Herausforderung},
  author={Thimm, Caja and Bächle, Thomas Christian},
  booktitle={Maschinenethik},
  %pages={73--87}, % Das ganze Buch ist sehr empfehlenswert
  year={2019},
  publisher={Springer}
}

% https://sci-hub.se/10.1007/978-3-658-22954-2
@incollection{decker2019autonome,
  title={Autonome Systeme und ethische Reflexion},
  author={Decker, Michael},
  booktitle={Die Maschine: Freund oder Feind?},
  %pages={135--158}, % Das ganze Buch ist interessant, Autor/Titel nur auf Abschnitt bezogen
  year={2019},
  publisher={Springer}
}

% https://sci-hub.se/https://doi.org/10.14315/zee-2017-0203
% Sieht interessant aus, etwas andere bzw kontroversere(?) Herangehensweise
@article{dabrock2017wenn,
  title={Wenn Autos Menschen fahren},
  author={Dabrock, Peter},
  journal={Zeitschrift f{\"u}r Evangelische Ethik},
  volume={61},
  number={2},
  %pages={83--88},
  year={2017},
  publisher={G{\"u}tersloher Verlagshaus}
}

% https://sci-hub.se/10.1007/978-3-476-05604-7
% SEHR viel zu Maschinenethik, wenig zu autonomen Fahren
@incollection{decker2019ethische,
  title={Ethische Fragen bei autonomen Systemen},
  author={Decker, Michael},
  booktitle={Mensch-Maschine-Interaktion},
  %pages={309--315},
  year={2019},
  publisher={Springer}
}

% https://dl.gi.de/bitstream/handle/20.500.12116/16807/Beitrag_516_final__a.pdf
% Studie zum Verhalten?! :)
@article{eimler2018ethik,
  title={Ethik im autonomen Fahrzeug: Zum menschlichen Verhalten in drohenden Unfallsituationen},
  author={Eimler, Sabrina and Geisler, Stefan and Mischewski, Philipp},
  journal={Mensch und Computer 2018-Workshopband},
  year={2018},
  publisher={Gesellschaft f{\"u}r Informatik eV}
}

% https://www.bmvi.de/SharedDocs/DE/Publikationen/DG/bericht-der-ethik-kommission.pdf
@book{ethikkommission,
  title={Ethik-Kommission - Automatisiertes und Vernetztes Fahren},
  author={Bundesverkehrsministerium},
  year={2017}
}

% https://irf.fhnw.ch/bitstream/handle/11654/6339/Autonomes%20Fahren.pdf
% Zwei Seiten Magazin Artikel
@article{bendel2015autonomie,
  title={Das Autonomie-Dilemma: Wenn Maschinen {\"u}ber Menschenleben entscheiden. Interview mit Oliver Bendel},
  author={Bendel, Oliver and Holzer, Holger},
  journal={IAA Spot-Das offizielle Magazin},
  year={2015},
  publisher={Verband der Automobilindustrie eV (VDA)}
}

% https://sci-hub.se/10.1007/s35658-017-0052-z
% Magazin Artikel paar Seiten
@article{hilgendorf2017dilemma,
  title={Dilemma-Problem gel{\"o}st},
  author={Hilgendorf, Eric},
  journal={ATZelektronik},
  volume={12},
  number={4},
  %pages={46--49},
  year={2017},
  publisher={Springer}
}

% https://sci-hub.tw/10.1007/s11948-016-9806-x
@article{gogoll2017autonomous,
  title={Autonomous cars: in favor of a mandatory ethics setting},
  author={Gogoll, Jan and M{\"u}ller, Julian F},
  journal={Science and engineering ethics},
  volume={23},
  number={3},
  %pages={681--700},
  year={2017},
  publisher={Springer}
}

% http://www.information-philosophie.de/?a=1&t=8521&n=2&y=1&c=1
% http://www.ikem.de/wp-content/uploads/2017/05/170518_KIAM_Dieter_Birnbacher_Technik_Gesellschaft.pdf
@article{birnbacher2016automatisiertes,
  title={Automatisiertes Fahren. Ethische Fragen an der Schnittstelle von Technik und Gesellschaft},
  author={Birnbacher, Dieter and Birnbacher, Wolfgang},
  journal={Information Philosophie},
  volume={4},
  %pages={8--15},
  year={2016}
}

@article{guardian2016dilemma,
  title={Self-driving cars don't care about your moral dilemmas},
  author={Alex Hern},
  journal={The Guardian},
  year={2016}
}

% https://papers.ssrn.com/sol3/papers.cfm?abstract_id=2496929
@article{thierer2014roadblocks,
  title={Removing Roadblocks to Intelligent Vehicles and Driverless Cars},
  author={Thierer, Adam and Hagemann, Ryan},
  journal={Wake Forest Journal of Law \& Policy},
  year={2014}
}

% Jeremy Bentham lexicon
% https://libgen.lc/ads.php?md5=80A830A6FD045B11E60796A209E67573
@incollection{prechtl1995bentham,
  title={Bentham, Jeremy},
  author={Prechtl, Peter},
  booktitle={Metzler Philosophen Lexikon},
  %pages={105--106},
  year={1995},
  publisher={Springer}
}

% KANT %
% https://academiaanalitica.files.wordpress.com/2016/10/immanuel-kant-kritik-der-reinen-vernunft.pdf
% Von https://meiner.de/kritik-der-reinen-vernunft-13136.html (+5 Seiten!)
@book{meiner1998kritik,
  title={Kritik der reinen Vernunft},
  author={Kant, Immanuel},
  year={1998},
  publisher={Felix Meiner}
}

% https://books.google.de/books?hl=en&lr=&id=XjY2AQAAMAAJ
@book{kirchmann1870grundlegung,
  title={Grundlegung zur Metaphysik der Sitten},
  author={Kant, Immanuel},
  year={1870},
  publisher={J. H. von Kirchmann}
}
