% Hier müssen alle @misc sein (für Abbildungsverzeichnis)

@misc{fig_moralmachine1,
    title={Beispiel 1 der Moral Machine},
    urldate={2020-05-09},
    url={http://moralmachine.mit.edu}
}

@misc{fig_moralmachine2,
    title={Beispiel 2 der Moral Machine},
    urldate={2020-05-26},
    url={http://moralmachine.mit.edu}
}

@misc{fig_moralmachine3,
    title={Beispiel 3 der Moral Machine},
    urldate={2020-05-26},
    url={http://moralmachine.mit.edu}
}

@misc{fig_akzeptanz,
    title={Gründe für die fehlende Akzeptanz bei autonomen Fahrzeugen; 2018: weltweit},
    urldate={2020-05-12},
    url={https://de.statista.com/statistik/daten/studie/270612/umfrage/nachteile-von-autonomen-fahrzeugen/}
}

@misc{fig_mitstat,
    title={\normalfont Moral Machine Statistik. Entnommen von \cite[61]{awad2018moral}}}
}

@misc{fig_v2com,
    title={Module in der Gesamtarchitektur des kooperativen Straßenverkehrs},
    note={Entnommen von \cite[27]{ethikkommission}}
}