@book{beispiel,
  author = {Borner, Marvin}, % Reihenfolge
  year = {2020},
  title = {Die Zitierhilfe fuer dumme Larsis},
}

%%% Paar neue gute Quellen

% https://www.oapen.org/download?type=document&docid=1002192
% Zwar gut, aber wenig Verbindung mit Ethik; 700 Seiten...
@book{maurer2015autonomes,
  title={Autonomes Fahren},
  author={Maurer, Markus and Gerdes, J Christian and Lenz, Barbara and Winner, Hermann},
  year={2015},
  publisher={Springer Berlin Heidelberg}
}

% https://link.springer.com/content/pdf/10.1007%2F978-3-662-45854-9_11.pdf
@book{heinrichs2015autonomes,
  title={Autonomes Fahren und Stadtstruktur},
  author={Heinrichs, Dirk},
  booktitle={Autonomes fahren},
  year={2015},
  publisher={Springer}
}

@online{tesla_gig_ber,
    title={Gigafactory Berlin-Brandenburg | Tesla},
    url={https://www.tesla.com/de_de/gigafactory-berlin},
    urldate={2020-06-06}
}

%%% Alte quellen etc



% https://www.nhtsa.gov/staticfiles/rulemaking/pdf/Automated_Vehicles_Policy.pdf
@article{national2013preliminary,
  title={Preliminary statement of policy concerning automated vehicles},
  author={National Highway Traffic Safety Administration, \space}, % Fix Autor Name 
  journal={Washington, DC},
  % pages={1--14},
  year={2013}
}

% Nices IEEE paper (aufrufbar ueber Scihub, weil ansonsten teuer ;) )
% https://sci-hub.se/https://ieeexplore.ieee.org/abstract/document/66220
@inproceedings{ananda1990global,
  title={Global positioning system (GPS) autonomous navigation},
  author={Ananda, MP and Bernstein, H and Cunningham, KE and Feess, WA and Stroud, EG},
  booktitle={IEEE Symposium on Position Location and Navigation. A Decade of Excellence in the Navigation Sciences},
  pages={497--508},
  year={1990},
  organization={IEEE}
}

@book{robotik,
  author = {Knoll, A. und Christaller, T},
  year = {2003},
  title = {Robotik},
  publisher = {Fischer Taschenbuch Verlag},
  location = {Frankfurt}
}

@online{nhtsav2v,
  title = {Vehicle-to-Vehicle Communication},
  url = {https://www.nhtsa.gov/technology-innovation/vehicle-vehicle-communication},
  urldate = {2019-01-07}
}

% LiDAR Patent
% https://patents.google.com/patent/US10288737B2/en
@patent{mooney2019lidar,
  title={LiDAR sensing system},
  author={Mooney, Patrick and GIBSON, Raymond V},
  year={2019},
  month=may,
  publisher={Google Patents},
  note={US Patent 10,288,737}
}

@book{pressemitteilung,
  title={Pressemitteilung Nr. 060},
  year=2016,
  author={Statistisches Bundesamt}
}

% GPS/INS
% https://escholarship.org/content/qt5tn6b3cp/qt5tn6b3cp.pdf?t=krnjot
@online{GPS_INS,
  title={GPS/INSBasedLateralandLongitudinalControlDemonstrationFinalReport},
  url={https://escholarship.org/content/qt5tn6b3cp/qt5tn6b3cp.pdf?t=krnjot},
  urldate={2019-01-18}
}

% Time of Flight
% https://www.st.com/en/imaging-and-photonics-solutions/proximity-sensors.html
@online{tof,
  title={Time of Flight (ToF) Sensors - STMicroelectronics},
  url={https://www.st.com/en/imaging-and-photonics-solutions/proximity-sensors.html},
  urldate={2019-01-19}
}

% Ultraschallsensor
% https://www.pepperl-fuchs.com/global/en/classid_182.htm
@online{ultrasonic,
  title={Ultrasonic Sensors - Non Contact Distance Measurement},
  url={https://www.pepperl-fuchs.com/global/en/classid_182.htm},
  urldate={2019-01-19}
}

% http://citeseerx.ist.psu.edu/viewdoc/download?doi=10.1.1.859.7116&rep=rep1&type=pdf
@article{rathod2013autonomous,
  title={An autonomous driverless car: an idea to overcome the urban road challenges},
  author={Rathod, Sheetal Ds},
  journal={Journal of Information Engineering and Applications},
  volume={3},
  number={13},
  % pages={34--38},
  year={2013},
  publisher={Citeseer}
}

% https://de.statista.com/themen/2561/autonome-fahrzeuge/
@online{statistagermans,
  title={Statistiken zu autonomen Fahrzeugen},
  url={https://de.statista.com/statistik/daten/studie/270596/umfrage/interesse-an-autonomen-fahrzeugen/},
  urldate={2020-02-22}
}

% https://de.statista.com/statistik/daten/studie/875147/umfrage/prognostizierter-pkw-bestand-in-regionen-weltweit-nach-art-der-pkw-nutzung/
@online{statistaeurope,
  title={Prognose der Anzahl zugelassener PKW in Europa},
  url={https://de.statista.com/statistik/daten/studie/875147/umfrage/prognostizierter-pkw-bestand-in-regionen-weltweit-nach-art-der-pkw-nutzung/},
  urldate={2020-02-22}
}

@online{uberself,
    title={Uber self-driving cars: everything you need to know},
    url={https://www.techradar.com/news/uber-self-driving-cars},
    urldate={2020-05-14}
}

% https://www.zeit.de/wirtschaft/unternehmen/2019-11/elon-musk-tesla-gigafactory-berlin-brandenburg
@article{zeitgigafac,
  title={Tesla will neue Autofabrik im Berliner Umland bauen},
  author={Karin Geil},
  journal={DIE ZEIT},
  date=2019,
  month=nov,
  day=13
}

@article{welt2016facebook,
  title={Facebook musste AI abschalten, die „Geheimsprache“ entwickelt hat},
  author={Philip Nagels},
  journal={Welt},
  year={2016},
  month=jul
}

% V2X IEEE
@article{hobert2015enhancements,
  title={Enhancements of V2X communication in support of cooperative autonomous driving},
  author={Hobert, Laurens and Festag, Andreas and Llatser, Ignacio and Altomare, Luciano and Visintainer, Filippo and Kovacs, Andras},
  journal={IEEE communications magazine},
  volume={53},
  number={12},
  pages={64--70},
  year={2015},
  publisher={IEEE}
}

% V2X DOI
@article{weiss2011v2x,
  title={V2X communication in Europe--From research projects towards standardization and field testing of vehicle communication technology},
  author={Wei{\ss}, Christian},
  journal={Computer Networks},
  volume={55},
  number={14},
  pages={3103--3119},
  year={2011},
  publisher={Elsevier}
}

% V2X http://leinmueller.de/lib/exe/fetch.php/publications/slb08v2x.pdf
@inproceedings{schmidt2008v2x,
  title={V2x kommunikation},
  author={Schmidt, Robert K and Leinm{\"u}ller, Tim and B{\"o}ddeker, Bert},
  booktitle={In Proceedings of 17th Aachener Kolloquium},
  year={2008}
}

@article{lampert2014soziale,
  title={Soziale Unterschiede in der Mortalit{\"a}t und Lebenserwartung},
  author={Lampert, Thomas and Kroll, Lars Eric},
  year={2014},
  publisher={Robert Koch-Institut}
}

@article{gola2005adipositas,
  title={Adipositas und Mortalit{\"a}t},
  author={Gola, Ute},
  %journal={Kursbuch Anti-Aging},
  %volume={1},
  %pages={65--71},
  year={2005}
}

@online{autoprognose2018, 
    title={ Prognostizierter Pkw-Bestand in Regionen weltweit nach Art der Pkw-Nutzung in 2030 },
    url={https://de.statista.com/statistik/daten/studie/875147/umfrage/prognostizierter-pkw-bestand-in-regionen-weltweit-nach-art-der-pkw-nutzung/},
    urldate={2020-06-08}
}

% https://sci-hub.tw/10.1109/ITSC.2018.8569624
@inproceedings{kutila2018automotive,
  title={Automotive LiDAR performance verification in fog and rain},
  author={Kutila, Matti and Pyyk{\"o}nen, Pasi and Holzh{\"u}ter, Hanno and Colomb, Mich{\`e}le and Duthon, Pierre},
  booktitle={2018 21st International Conference on Intelligent Transportation Systems (ITSC)},
  pages={1695--1701},
  year={2018},
  organization={IEEE}
}
