@online{therapist,
  title={The Therapist, 1937 by Rene Magritte},
  url={https://www.renemagritte.org/the-therapist.jsp},
  urldate={2021-06-21}
}

@online{sonofman,
  title={The Son of Man, 1946 by Rene Magritte},
  url={https://www.renemagritte.org/the-son-of-man.jsp},
  urldate={2021-06-21}
}
