@article{libet,
  title={Do we have a free will?},
  author={Libet, Benjamin},
  journal={Journal of Consciousness Studies},
  year={1999},
}

@article{prinz,
  title={Der Mensch ist nicht frei - Ein Gespr√§ch},
  author={Prinz, Wolfgang},
  journal={Hirnforschung Und Willensfreiheit},
  year={2003},
}

@article{walter,
  title={Willensfreiheit, Verantwortlichkeit und Neurowissenschaft},
  author={Walter, Henrik},
  journal={Psychologische Rundschau},
  year={2004},
}

@article{rott,
  title={Die Freiheit in den Zeiten neurowissenschaftlichen Fortschritts},
  author={Rott, Hans},
  journal={Gezwungene Freiheit? Personale Freiheit im pluralistischen Europa},
  year={2009},
}
